@article{example,
  title = {The definition of example},
  author = {Author, Important},
  year = {1978},
  journal = {Journal on Important Stuff},
}
