% EU guideliness from High-Level Expert Group on AI
@misc{AIHLEG2019,
  author       = {High-Level Expert Group on AI},
  title        = {Ethics Guidelines for Trustworthy AI},
  year         = {2019},
  url          = {https://digital-strategy.ec.europa.eu/en/library/ethics-guidelines-trustworthy-ai},
  note         = {Accessed: 2025-04-28}
}

% prompt engineering guidelines (prompt techniques)
@misc{PromptingTechniques,
  author       = {DAIR.AI},
  title        = {Prompting Techniques},
  year         = {2024},
  url          = {https://www.promptingguide.ai/techniques},
  note         = {Accessed: 2025-04-28}
}
